@inproceedings{hu2019vizml,
 title={Vizml: A machine learning approach to visualization recommendation},
 author={Hu, Kevin and Bakker, Michiel A and Li, Stephen and Kraska, Tim and Hidalgo, C{\'e}sar},
 booktitle={Proceedings of the 2019 CHI Conference on Human Factors in Computing Systems},
 pages={1--12},
 year={2019}
}


@inbook{mann2007introductory_cv,
  title={Introductory statistics},
  author={Mann, Prem S},
  pages={98},
  year={2007},
  publisher={John Wiley \& Sons}
  
}

@article{doane2011measuring,
  title={Measuring skewness: a forgotten statistic?},
  author={Doane, David P and Seward, Lori E},
  journal={Journal of statistics education},
  volume={19},
  number={2},
  year={2011},
  publisher={Taylor \& Francis}
}


@inproceedings{seo2004rank,
  title={A rank-by-feature framework for unsupervised multidimensional data exploration using low dimensional projections},
  author={Seo, Jinwook and Shneiderman, Ben},
  booktitle={IEEE Symposium on Information Visualization},
  pages={65--72},
  year={2004},
  organization={IEEE}
} 